@book{Berlekamp:2015:ACT:2834146,
 author = {Berlekamp, Elwyn R.},
 title = {Algebraic Coding Theory - Revised Edition},
 year = {2015},
 isbn = {9789814635899, 9814635898},
 publisher = {World Scientific Publishing Co., Inc.},
 address = {River Edge, NJ, USA},
} 

@article{Shannon1,
author = {Shannon, C. E.},
title = {A Mathematical Theory of Communication},
year="1948",
journal = {Bell System Technical Journal},
volume = {27},
number = {3},
pages = {379-423},
doi = {10.1002/j.1538-7305.1948.tb01338.x},
url = {https://onlinelibrary.wiley.com/doi/abs/10.1002/j.1538-7305.1948.tb01338.x},
eprint = {https://onlinelibrary.wiley.com/doi/pdf/10.1002/j.1538-7305.1948.tb01338.x}
}


@InProceedings{Delsarte,
author="Delsarte, P.",
editor="Hall, M.
and van Lint, J. H.",
title="The Association Schemes of Coding Theory",
booktitle="Combinatorics",
year="1975",
publisher="Springer Netherlands",
address="Dordrecht",
pages="143--161",
abstract="This paper contains the bases of an algebraic theory of certain association schemes, called polynomial schemes. Special emphasis is put on concepts arising from the theories of error correcting codes and of combinatorial designs. The main goal is to provide a general framework in which various applications can be treated by similar methods. In this respect, an interesting formal duality is exhibited between non-constructive coding and design theory.",
isbn="978-94-010-1826-5"
}

@book{Cover:2006:EIT:1146355,
 author = {Cover, Thomas M. and Thomas, Joy A.},
 title = {Elements of Information Theory (Wiley Series in Telecommunications and Signal Processing)},
 year = {2006},
 isbn = {0471241954},
 publisher = {Wiley-Interscience},
 address = {New York, NY, USA},
} 

@ARTICLE{golomb,
author={S. Golomb},
journal={IEEE Transactions on Information Theory},
title={A general formulation of error matrices (Corresp.)},
year={1969},
volume={15},
number={3},
pages={425-426},
keywords={Error-correcting codes},
doi={10.1109/TIT.1969.1054308},
ISSN={0018-9448},
month={May},}


@article{DBLP:journals/iandc/WynerG68,
  author    = {Aaron D. Wyner and
               Ronald L. Graham},
  title     = {An Upper Bound on Minimum Distance for a k-ary Code},
  journal   = {Information and Control},
  volume    = {13},
  number    = {1},
  pages     = {46--52},
  year      = {1968},
  url       = {https://doi.org/10.1016/S0019-9958(68)90779-1},
  doi       = {10.1016/S0019-9958(68)90779-1},
  timestamp = {Thu, 18 May 2017 09:54:22 +0200},
  biburl    = {https://dblp.org/rec/bib/journals/iandc/WynerG68},
  bibsource = {dblp computer science bibliography, https://dblp.org}
}


@ARTICLE{2007math......2425N,
   author = {{Navon}, M. and {Samorodnitsky}, A.},
    title = "{Linear programming bounds for codes via a covering argument}",
  journal = {ArXiv Mathematics e-prints},
   eprint = {math/0702425},
 keywords = {Mathematics - Combinatorics},
     year = 2007,
    month = feb,
   adsurl = {http://adsabs.harvard.edu/abs/2007math......2425N},
  adsnote = {Provided by the SAO/NASA Astrophysics Data System}
}

@ARTICLE{MRRW,
author={R. McEliece and E. Rodemich and H. Rumsey and L. Welch},
journal={IEEE Transactions on Information Theory},
title={New upper bounds on the rate of a code via the Delsarte-MacWilliams inequalities},
year={1977},
volume={23},
number={2},
pages={157-166},
keywords={Coding},
doi={10.1109/TIT.1977.1055688},
ISSN={0018-9448},
month={March},}


@MISC{StackExchange,
    TITLE = {Best upper bound on rate for q-ary codes},
    AUTHOR = {(https://mathoverflow.net/users/27668/brazen) Brazen},
    HOWPUBLISHED = {MathOverflow},
    NOTE = {URL:https://mathoverflow.net/q/111046 (version: 2012-10-30)},
    EPRINT = {https://mathoverflow.net/q/111046},
    URL = {https://mathoverflow.net/q/111046}
}

@misc{charthy,
  title = {Expository papers - Characters of Finite Abelian Groups},
  author = {Keith Conrad},
  howpublished = {\url{http://www.math.uconn.edu/~kconrad/blurbs/grouptheory/charthy.pdf}},
  note = {Accessed: 2018-10-10}
}

@misc{fourier,
  title = {The Fourier Transform and Equations over Finite Abelian Groups - LECTURE NOTES},
  author = {Laszlo Babai},
  howpublished = {\url{http://people.cs.uchicago.edu/~laci/reu02/fourier.pdf}},
  note = {Accessed: 2018-10-10}
}

@misc{hamming,
  title = {Error Correcting Codes: Combinatorics, Algorithms and Applications - Lecture Notes - Fall 2007},
  author = {Atri Rudra},
  howpublished = {\url{https://cse.buffalo.edu/faculty/atri/courses/coding-theory/lectures/lect9.pdf}},
  note = {Accessed: 2018-10-10}
}

@ARTICLE{gv1,
author={E. N. Gilbert},
journal={The Bell System Technical Journal},
title={A comparison of signalling alphabets},
year={1952},
volume={31},
number={3},
pages={504-522},
keywords={},
doi={10.1002/j.1538-7305.1952.tb01393.x},
ISSN={0005-8580},
month={May},}

@book{Roth:2006:ICT:1137784,
 author = {Roth, Ron},
 title = {Introduction to Coding Theory},
 year = {2006},
 isbn = {0521845041},
 publisher = {Cambridge University Press},
 address = {New York, NY, USA},
}

@article{manhattan,
title = "Mathematics of Distances and Applications",
year = "2012",
url = "http://www.foibg.com/ibs_isc/ibs-25/ibs-25-f.pdf",
author = "Michel Deza, Michel Petitjean, Krassimir Markov (eds.)",
}

@article{lee,
title = "On channels and codes for the {L}ee metric",
journal = "Information and Control",
volume = "19",
number = "2",
pages = "159 - 173",
year = "1971",
issn = "0019-9958",
doi = "https://doi.org/10.1016/S0019-9958(71)90791-1",
url = "http://www.sciencedirect.com/science/article/pii/S0019995871907911",
author = "J. Chung-Yaw Chiang and Jack K. Wolf",
abstract = "Almost all nonbinary codes were designed for the Hamming metric. The Lee metric was defined by Lee in 1958. Golomb and Welch (1968) and Berlekamp, 1968a, Berlekamp, 1968b have designed codes for the Lee metric. In this paper, we derive all the discrete, memoryless, symmetric channels matched to the Lee metric, and investigate general properties of Lee metric block codes. Finally, a class of cyclic Lee metric codes is defined and the number of information symbols is discussed."
}

@ARTICLE{hamplotkin,
author={M. Plotkin},
journal={IRE Transactions on Information Theory},
title={Binary codes with specified minimum distance},
year={1960},
volume={6},
number={4},
pages={445-450},
keywords={Error-correcting codes;Binary codes;Error correction codes;Upper bound;Redundancy;Error correction;Technological innovation;Equations;Information theory},
doi={10.1109/TIT.1960.1057584},
ISSN={0096-1000},
month={Sep.},}

@article {EBbound,
    AUTHOR = {Bassalygo, L. A.},
     TITLE = {New upper bounds for error-correcting codes},
   JOURNAL = {Problemy Pereda\v{c}i Informacii},
  FJOURNAL = {Akademiya Nauk SSSR. Institut Problem Peredachi Informatsii
              Akademii Nauk SSSR. Problemy Peredachi Informatsii},
    VOLUME = {1},
      YEAR = {1965},
    NUMBER = {vyp. 4},
     PAGES = {41--44},
      ISSN = {0555-2923},
   MRCLASS = {94.10},
  MRNUMBER = {0189920},
}

@article{chernoff1952,
author = "Chernoff, Herman",
doi = "10.1214/aoms/1177729330",
fjournal = "The Annals of Mathematical Statistics",
journal = "Ann. Math. Statist.",
month = "12",
number = "4",
pages = "493--507",
publisher = "The Institute of Mathematical Statistics",
title = "A Measure of Asymptotic Efficiency for Tests of a Hypothesis Based on the sum of Observations",
url = "https://doi.org/10.1214/aoms/1177729330",
volume = "23",
year = "1952"
}

@article{Lee1958SomePO,
  title={Some properties of nonbinary error-correcting codes},
  author={C. Y. Lee},
  journal={IRE Trans. Information Theory},
  year={1958},
  volume={4},
  pages={77-82}
}



@article{ulrich,
author = {Ulrich, Werner},
title = {Non-Binary Error Correction Codes*},
journal = {Bell System Technical Journal},
volume = {36},
number = {6},
pages = {1341-1388},
doi = {10.1002/j.1538-7305.1957.tb01514.x},
url = {https://onlinelibrary.wiley.com/doi/abs/10.1002/j.1538-7305.1957.tb01514.x},
eprint = {https://onlinelibrary.wiley.com/doi/pdf/10.1002/j.1538-7305.1957.tb01514.x},
abstract = {If a noisy channel is used to transmit more than two distinct signals, information may have to be specially coded to permit occasional errors to be corrected. If pulse amplitude modulation is used, the most probable error is a small one, e.g., 6 is changed to 7 or 5. Codes for correcting single small errors, and for correcting single small errors and detecting double small errors, in a message of arbitrary length, for an arbitrary number of different signals in the channel, are derived in this paper. For more specialized situations, the error is not necessarily restricted to a small value. Codes are derived for correcting any single unrestricted error in a message of arbitrary length for an arbitrary number of different signals. Finally, a set of codes based partially upon the Reed-Muller codes is described for correcting a number of errors in a more restricted class of message lengths for an arbitrary number of different signals. The described codes are readily implemented. Many techniques are used which have an analog in a binary system. Other techniques are broadly analogous to binary coding techniques or are special adaptations of a binary code.},
year = {1957}
}

@ARTICLE{roth-siegel,
author={R. M. Roth and P. H. Siegel},
journal={IEEE Transactions on Information Theory},
title={Lee-metric {BCH} codes and their application to constrained and partial-response channels},
year={1994},
volume={40},
number={4},
pages={1083-1096},
keywords={BCH codes;decoding;synchronisation;poles and zeros;telecommunication channels;Reed-Solomon codes;algebra;error correction codes;error detection codes;constrained channels;partial-response channels;Lee-metric BCH codes;code length;runlength;consecutive roots;minimum Lee distance;sphere-packing bound;decoding procedure;Euclid's algorithm;errors;correction;detection;Reed-Solomon case;bitshift errors;synchronization errors;zeros;code construction;algebraic approach;matched spectral-null code;Decoding;Error correction codes;Error correction;Senior members;Scanning probe microscopy;Algorithm design and analysis;Protection;Phase modulation;Information theory},
doi={10.1109/18.335966},
ISSN={0018-9448},
month={July},}

@ARTICLE{bursts,
author={T. Etzion and E. Yaakobi},
journal={IEEE Transactions on Information Theory},
title={Error-Correction of Multidimensional Bursts},
year={2009},
volume={55},
number={3},
pages={961-976},
keywords={binary codes;error correction codes;binary code;multidimensional burst cluster-error correction;Lee sphere error;rectangular-error;box-error;arbitrary shape;parameter array;two-dimensional code;Multidimensional systems;Shape;Redundancy;Error correction codes;Optical recording;Holographic optical components;Computer science;Binary codes;Holography;Burst-error;burst-locator code;cluster-correcting code;coloring;Lee sphere;multidimensional code},
doi={10.1109/TIT.2008.2011520},
ISSN={0018-9448},
month={March},}


@ARTICLE{interleaving,
author={M. Blaum and J. Bruck and A. Vardy},
journal={IEEE Transactions on Information Theory},
title={Interleaving schemes for multidimensional cluster errors},
year={1998},
volume={44},
number={2},
pages={730-743},
keywords={error correction codes;interleaved codes;holographic storage;graph colouring;multidimensional cluster errors;interleaving schemes;2D interleaving technique;3D interleaving technique;burst error correction;area;volume;multidimensional error clusters;holographic storage;t-interleaved arrays;codewords;graph-coloring problem;lattice interleavers;lower bound;upper bound;Minkowski lattice;optimal lattice interleaver;approximations;Interleaved codes;Multidimensional systems;Lattices;Error correction;Holography;Laser beams;Error correction codes;Shape;NASA;Engineering profession},
doi={10.1109/18.661516},
ISSN={0018-9448},
month={March},}

@ARTICLE{flash,
author={A. Barg and A. Mazumdar},
journal={IEEE Transactions on Information Theory},
title={Codes in Permutations and Error Correction for Rank Modulation},
year={2010},
volume={56},
number={7},
pages={3158-3165},
keywords={error correction;error correction codes;modulation coding;permutation;error correction;rank modulation;flash memory device;coding theoretic problem;Kendall tau distance;optimal codes;sphere packing bound;Error correction codes;Modulation coding;Flash memory;Hamming distance;Protection;Upper bound;Statistics;Aging;Writing;Functional analysis;Bose–Chowla theorem;flash memory;inversion;Kendall tau distance;rank permutation codes},
doi={10.1109/TIT.2010.2048455},
ISSN={0018-9448},
month={July},}



